<?xml version="1.0" encoding="UTF-8"?><collection xmlns="http://www.loc.gov/MARC21/slim"><record><leader>00428nam--2200145-i-4500</leader><controlfield tag="001">000011260</controlfield><controlfield tag="002">20161230</controlfield><controlfield tag="005">20161230201029</controlfield><controlfield tag="008">060222s1000------------r-----000-0-eng-d</controlfield><datafield ind1=" " ind2=" " tag="020"><subfield code="a">BUCURESTI, INSTITUTUL DE FIZICA ATOMICA, 1974 13 P</subfield></datafield><datafield ind1=" " ind2=" " tag="100"><subfield code="a">Boieriu, St</subfield></datafield><datafield ind1=" " ind2=" " tag="245"><subfield code="a">Cepraga, d</subfield></datafield><datafield ind1=" " ind2=" " tag="260"><subfield code="a">Cristian, D</subfield></datafield><datafield ind1=" " ind2=" " tag="490"><subfield code="a">Amor-cod De Calcul Al Variatiei Functionalelor Prin Metoda Perturbatiei Generalizate</subfield></datafield><datafield ind1=" " ind2=" " tag="653"><subfield code="a">Nt 1974-dec</subfield></datafield></record></collection>